% Encoding: UTF-8

@Misc{matrix_Add,
  author       = {Stapel, Elizabeth},
  title        = {Adding and Subtracting Matrices},
  howpublished = {Online},
  year         = {2012},
  url          = {https://www.purplemath.com/modules/mtrxadd.htm},
}

@Misc{matrix_Multi,
  author       = {{MathsIsFun.com}},
  title        = {How to Multiply Matrices},
  howpublished = {Online},
  year         = {2017},
  url          = {https://www.mathsisfun.com/algebra/matrix-multiplying.html},
}

@Comment{jabref-meta: databaseType:bibtex;}
